@MISC{circuitverse1,
  TITLE = {digital circuit simulator online},
  URL = {https://circuitverse.org/simulator},
  JOURNAL = {Circuitverse.org},
  YEAR={2018},
}

@MISC{binary1,
  TITLE = {binary multiplication methods},
  URL = {https://www.electronicshub.org/binary-multiplication/},
  JOURNAL = {Electronics Hub},
  YEAR = {2015}
}

@MISC {beardon_2016,
    TITLE = {Logic, Truth Tables and Switching Circuits},
    URL = {https://nrich.maths.org/6021},
    JOURNAL = {Nrich.maths.org},
    AUTHOR = {Beardon, Toni},
    YEAR = {2016}
}

@misc{mahanta_2017,
title={Introduction to Neural Networks, Advantages and Applications}, url={https://towardsdatascience.com/introduction-to-neural-networks-advantages-and-applications-96851bd1a207?gi=a2690a29d544}, journal={Towards Data Science},
publisher={Towards Data Science},
author={Mahanta, Jahnavi},
year={2017},
month={Jul}
}

@misc{dk1, title={Applications of neural networks}, url={https://cs.stanford.edu/people/eroberts/courses/soco/projects/neural-networks/Applications/index.html}, journal={Don Knuth's Home Page}}

@misc{3blue1brown_2017_1, title={But what *is* a Neural Network? | Deep learning, chapter 1}, url={https://www.youtube.com/watch?v=aircAruvnKk}, journal={YouTube}, publisher={YouTube}, author={3Blue1Brown}, year={2017}, month={Oct}}

@misc{3blue1brown_2017_2, title={Gradient descent, how neural networks learn | Deep learning, chapter 2}, url={https://www.youtube.com/watch?v=IHZwWFHWa-w}, journal={YouTube}, publisher={YouTube}, author={3Blue1Brown}, year={2017}, month={Oct}}

@misc{3blue1brown_2017_3, title={What is backpropagation really doing? | Deep learning, chapter 3}, url={https://www.youtube.com/watch?v=Ilg3gGewQ5U}, journal={YouTube}, publisher={YouTube}, author={3Blue1Brown}, year={2017}, month={Nov}}

@misc{3blue1brown_2017_4, title={Backpropagation calculus | Deep learning, chapter 4}, url={https://www.youtube.com/watch?v=tIeHLnjs5U8}, journal={YouTube}, publisher={YouTube}, author={3Blue1Brown}, year={2017}, month={Nov}}

@misc{donges_2018, title={Gradient Descent in a Nutshell â€“ Towards Data Science}, url={https://towardsdatascience.com/gradient-descent-in-a-nutshell-eaf8c18212f0}, journal={Towards Data Science}, publisher={Towards Data Science}, author={Donges, Niklas}, year={2018}, month={Mar}}

@misc{targett_nunns_ball_2018, title={Home Office: We're Might Give Police Facial Recognition on their Phones}, url={https://www.cbronline.com/news/automatic-facial-recognition}, journal={Computer Business Review}, publisher={Computer Business Review}, author={Targett, Ed and Nunns, James and Ball, Tom}, year={2018}, month={Jul}}
